<?xml version="1.0" encoding="UTF-8"?><record xmlns="http://www.loc.gov/MARC21/slim" xmlns:cinclude="http://apache.org/cocoon/include/1.0" xmlns:zs="http://www.loc.gov/zing/srw/">
  <leader>00726cz  a2200169n  4500</leader>
  <controlfield tag="001">no2010057262</controlfield>
  <controlfield tag="003">DLC</controlfield>
  <controlfield tag="005">20110705145345.0</controlfield>
  <controlfield tag="008">100407n| acannaabn          |n aaa     c</controlfield>
  <datafield tag="010" ind1=" " ind2=" ">
    <subfield code="a">no2010057262</subfield>
  </datafield>
  <datafield tag="035" ind1=" " ind2=" ">
    <subfield code="a">(OCoLC)oca08451477</subfield>
  </datafield>
  <datafield tag="040" ind1=" " ind2=" ">
    <subfield code="a">SaPrUSA</subfield>
    <subfield code="b">eng</subfield>
    <subfield code="c">SaPrUSA</subfield>
    <subfield code="d">OkU</subfield>
  </datafield>
  <datafield tag="100" ind1="1" ind2=" ">
    <subfield code="a">Townsend, John C.,</subfield>
    <subfield code="d">1920-2002</subfield>
  </datafield>
  <datafield tag="670" ind1=" " ind2=" ">
    <subfield code="a">Introduction to experimental method for psychology and the social sciences, c1953:</subfield>
    <subfield code="b">t.p. (John C. Townsend)</subfield>
  </datafield>
  <datafield tag="670" ind1=" " ind2=" ">
    <subfield code="a">OCLC, Apr. 7, 2010</subfield>
    <subfield code="b">(hdg.: Townsend, John C., 1920-; usage: John C. Townsend)</subfield>
  </datafield>
  <datafield tag="670" ind1=" " ind2=" ">
    <subfield code="a">American men and women of science, 13th ed. Social sciences:</subfield>
    <subfield code="b">(John Chalmer Townsend, b. Mar. 28, 1920)</subfield>
  </datafield>
  <datafield tag="670" ind1=" " ind2=" ">
    <subfield code="a">Social security death index online, Jan. 6, 2011:</subfield>
    <subfield code="b">(d. Feb. 13, 2002)</subfield>
  </datafield>
</record>